<record><leader>00000cas a2200000 a 4500</leader><controlfield tag="001">4239847</controlfield><controlfield tag="008">780920d19611985nyuwn ne      0   a0eng d</controlfield><controlfield tag="009">467</controlfield><datafield ind1=" " ind2=" " tag="010"><subfield code="a">sn 79005620 </subfield></datafield><datafield ind1=" " ind2=" " tag="040"><subfield code="a">NSD</subfield><subfield code="b">eng</subfield><subfield code="c">NSD</subfield><subfield code="d">NYS</subfield><subfield code="d">OCL</subfield><subfield code="d">OCLCQ</subfield><subfield code="d">OCLCG</subfield><subfield code="d">OCLCQ</subfield></datafield><datafield ind1=" " ind2=" " tag="012"><subfield code="j">1</subfield><subfield code="l">1</subfield></datafield><datafield ind1="0" ind2=" " tag="022"><subfield code="a">0162-8518</subfield><subfield code="l">0162-8518</subfield><subfield code="2">1</subfield></datafield><datafield ind1="1" ind2=" " tag="029"><subfield code="a">AU@</subfield><subfield code="b">000020385232</subfield></datafield><datafield ind1=" " ind2=" " tag="042"><subfield code="a">nsdp</subfield><subfield code="a">msc</subfield></datafield><datafield ind1="1" ind2=" " tag="082"><subfield code="a">428</subfield><subfield code="2">11</subfield></datafield><datafield ind1="0" ind2=" " tag="130"><subfield code="a">News for you (Syracuse, N.Y. : Ed. A)</subfield></datafield><datafield ind1="0" ind2=" " tag="210"><subfield code="a">News you</subfield><subfield code="b">(Ed. A)</subfield></datafield><datafield ind1=" " ind2="0" tag="222"><subfield code="a">News for you</subfield><subfield code="b">(Ed. A)</subfield></datafield><datafield ind1="0" ind2="0" tag="245"><subfield code="a">News for you.</subfield></datafield><datafield ind1=" " ind2=" " tag="250"><subfield code="a">Ed. A.</subfield></datafield><datafield ind1=" " ind2=" " tag="260"><subfield code="a">Syracuse, N.Y. :</subfield><subfield code="b">Robert S. Laubach,</subfield><subfield code="c">1961-1985.</subfield></datafield><datafield ind1=" " ind2=" " tag="300"><subfield code="a">v.</subfield></datafield><datafield ind1=" " ind2=" " tag="310"><subfield code="a">Weekly (except last 2 weeks in Dec.),</subfield><subfield code="b">-June 5, 1985</subfield></datafield><datafield ind1=" " ind2=" " tag="321"><subfield code="a">Weekly (during school year),</subfield><subfield code="b">May 24, 1961-</subfield></datafield><datafield ind1="0" ind2=" " tag="362"><subfield code="a">Vol. 4, no. 16 (May 24, 1961)-v. 33, no. 23 (June 5, 1985).</subfield></datafield><datafield ind1=" " ind2=" " tag="500"><subfield code="a">Published by: Robert S. Laubach, 1961-&lt;1966&gt;; and by: Laubach Literacy, Inc., &lt;1967&gt;-1985.</subfield></datafield><datafield ind1=" " ind2=" " tag="580"><subfield code="a">Other eds.: News for you (Syracuse, N.Y. : Ed. B), 1961-1985; and: News for you (Syracuse, N.Y. : Ed. AA), Oct. 3, 1962-Nov. 17, 1965.</subfield></datafield><datafield ind1=" " ind2="4" tag="651"><subfield code="a">Syracuse (N.Y.)</subfield><subfield code="v">Newspapers.</subfield></datafield><datafield ind1="1" ind2=" " tag="700"><subfield code="a">Laubach, Robert S.</subfield><subfield code="q">(Robert Seely),</subfield><subfield code="d">1918-</subfield></datafield><datafield ind1=" " ind2=" " tag="752"><subfield code="a">United States</subfield><subfield code="b">New York</subfield><subfield code="c">Onondaga</subfield><subfield code="d">Syracuse.</subfield></datafield><datafield ind1="0" ind2=" " tag="770"><subfield code="t">News for you. Instructor's aid</subfield><subfield code="x">0162-8526</subfield><subfield code="w">(DLC)sn 7905619</subfield><subfield code="w">(OCoLC)4239787</subfield></datafield><datafield ind1="1" ind2=" " tag="775"><subfield code="t">News for you (Syracuse, N.Y. : Ed. B)</subfield><subfield code="x">0162-850X</subfield><subfield code="w">(DLC)sn 7905621</subfield><subfield code="w">(OCoLC)4239910</subfield></datafield><datafield ind1="1" ind2=" " tag="775"><subfield code="t">News for you (Syracuse, N.Y. : Ed. AA)</subfield><subfield code="w">(DLC)sn 92061889</subfield><subfield code="w">(OCoLC)26465441</subfield></datafield><datafield ind1="0" ind2="0" tag="780"><subfield code="t">News for you (Syracuse, N.Y. : 1959)</subfield><subfield code="w">(DLC)sn 91066022</subfield><subfield code="w">(OCoLC)23237111</subfield></datafield><datafield ind1="0" ind2="7" tag="785"><subfield code="t">News for you (Syracuse, N.Y. : Ed. B)</subfield><subfield code="x">0162-850X</subfield><subfield code="w">(DLC)sn 7905621</subfield><subfield code="w">(OCoLC)4239910</subfield></datafield><datafield ind1="0" ind2="7" tag="785"><subfield code="t">News for you (Syracuse, N.Y. : 1985)</subfield><subfield code="x">0884-3910</subfield><subfield code="w">(DLC)sn 8506480</subfield><subfield code="w">(OCoLC)12428477</subfield></datafield></record>